
@misc{usability,
    title     = {Usability},
    howpublished = {\url{https://www.interaction-design.org/literature/topics/usability}},
    note = {(Posljednji pristup: 15.5.2022.)}
}
@misc{citat,
    title     = {Uporabivost},
    howpublished = {\url{https://moodle.fer.hr/pluginfile.php/83639/mod_resource/content/1/06_Uporabivost_HCI_web.pdf }},
    note = {(Posljednji pristup: 25.5.2022.)}
}
@misc{usability2,
    title     = {Web Usability: What is it and Why is it Important},
    howpublished = {\url{https://bghackers.com/web-usability-what-is-and-why-is-important}},
    note = {(Posljednji pristup: 17.5.2022.)}
}
@misc{uivsux,
    title     = {UI vs UX},
    howpublished = {\url{https://www.usertesting.com/blog/ui-vs-ux}},
    note = {(Posljednji pristup: 17.5.2022.)}
}

@misc{pristup,
    title     = {Pristupačnost weba},
    howpublished = {\url{https://moodle.fer.hr/pluginfile.php/84199/mod_resource/content/1/10_Pristupacnost_weba_web.pdf }},
    note = {(Posljednji pristup: 25.5.2022.)}
}

@misc{uxui,
    title     = {What is UX/UI design?},
    howpublished = {\url{https://flatironschool.com/blog/what-is-ux-ui-design/}},
    note = {(Posljednji pristup: 17.5.2022.)}
}
@misc{uxdesigner,
    title     = {How to change careers and become a UX designer},
    howpublished = {\url{https://etkdbs.udemy.com/course/how-to-change-careers-and-become-a-ux-designer}},
    note = {(Posljednji pristup: 10.5.2022.)}
}
@misc{anim,
    title     = {The Role of Animation and Motion in UX},
    howpublished = {\url{https://www.nngroup.com/articles/animation-purpose-ux/).}},
    note = {(Posljednji pristup: 26.5.2022.)}
}
@misc{contrast,
    title     = {Understanding Success Criterion 1.4.3: Contrast (Minimum)},
    howpublished = {\url{https://www.w3.org/WAI/WCAG21/Understanding/contrast-minimum.html}},
    note = {(Posljednji pristup: 07.06.2022.)}
}
@misc{gestalt,
    title     = {Sluh i ostala osjetila. Načela i zakoni Gestalta},
    howpublished = {\url{https://moodle.fer.hr/pluginfile.php/83778/mod_resource/content/2/07_Gestalt.pdf}},
    note = {(Posljednji pristup: 30.5.2022.)}
}
@misc{tips,
    title     = {7 practical tips for cheating at design},
    howpublished = {\url{https://growrevenue.io/7-practical-tips-cheating-design/}},
    note = {(Posljednji pristup: 10.5.2022.)}
}
@misc{a11y,
    title     = {The UX designers accessibility guide},
    howpublished = {\url{https://etkdbs.udemy.com/course/the-ux-designers-accessibility-guide/}},
    note = {(Posljednji pristup: 10.5.2022.)}
}
@misc{searchbar,
    title     = {How to create a search bar in Vue},
    howpublished = {\url{https://blog.logrocket.com/create-search-bar-vue/
}},
    note = {(Posljednji pristup: 07.06.2022.)}
}
@misc{searchfilter,
    title     = {Vue JS 2 Tutorial 36 - Custom Search Filter},
    howpublished = {\url{https://www.youtube.com/watch?v=G34_yNV8FMY}},
    note = {(Posljednji pristup: 07.06.2022.)}
}
@misc{trans,
    title     = {Transition},
    howpublished = {\url{https://vuejs.org/guide/built-ins/transition.html}},
    note = {(Posljednji pristup: 21.05.2022.)}
}

@misc{cc,
    title     = {WebAIM color contrast tool},
    howpublished = {\url{https://webaim.org/resources/contrastchecker/
}},
    note = {(Posljednji pristup: 10.05.2022.)}
}